@misc{Authors14,
 author = {Authors},
 title = {The frobnicatable foo filter},
 note = {Face and Gesture  submission ID 324. Supplied as additional material {\tt fg324.pdf}},
 year = 2014
}

@misc{Authors14b,
 author = {Authors},
 title = {Frobnication tutorial},
 note = {Supplied as additional material {\tt tr.pdf}},
 year = 2014
}

@article{Alpher02,
author = {A. Alpher},
title = {Frobnication},
journal = {Journal of Foo},
volume = 12, 
number = 1, 
pages = {234--778}, 
year = 2002
}

@article{Alpher03,
author = {A. Alpher and  J.~P.~N. Fotheringham-Smythe},
title = {Frobnication revisited},
journal = {Journal of Foo},
volume = 13, 
number = 1, 
pages = {234--778}, 
year = 2003
}

@article{Alpher04,
author = {A. Alpher and J.~P.~N. Fotheringham-Smythe and G. Gamow},
title = {Can a machine frobnicate?},
journal = {Journal of Foo},
volume = 14, 
number = 1, 
pages = {234--778}, 
year = 2004
}

@inproceedings{goodfellow2014generative,
  title={Generative adversarial nets},
  author={Goodfellow, Ian and Pouget-Abadie, Jean and Mirza, Mehdi and Xu, Bing and Warde-Farley, David and Ozair, Sherjil and Courville, Aaron and Bengio, Yoshua},
  booktitle={Advances in neural information processing systems},
  pages={2672--2680},
  year={2014}
}

@article{goodfellow2016nips,
  title={NIPS 2016 Tutorial: Generative Adversarial Networks},
  author={Goodfellow, Ian},
  journal={arXiv preprint arXiv:1701.00160},
  year={2016}
}

@article{oord2016pixel,
  title={Pixel recurrent neural networks},
  author={Oord, Aaron van den and Kalchbrenner, Nal and Kavukcuoglu, Koray},
  journal={arXiv preprint arXiv:1601.06759},
  year={2016}
}

@inproceedings{van2016conditional,
  title={Conditional image generation with pixelcnn decoders},
  author={van den Oord, Aaron and Kalchbrenner, Nal and Espeholt, Lasse and Vinyals, Oriol and Graves, Alex and others},
  booktitle={Advances in Neural Information Processing Systems},
  pages={4790--4798},
  year={2016}
}

@inproceedings{rish2001empirical,
  title={An empirical study of the naive Bayes classifier},
  author={Rish, Irina},
  booktitle={IJCAI 2001 workshop on empirical methods in artificial intelligence},
  volume={3},
  number={22},
  pages={41--46},
  year={2001},
  organization={IBM New York}
}

@article{kingma2013auto,
  title={Auto-encoding variational bayes},
  author={Kingma, Diederik P and Welling, Max},
  journal={arXiv preprint arXiv:1312.6114},
  year={2013}
}

@inproceedings{krizhevsky2012imagenet,
  title={Imagenet classification with deep convolutional neural networks},
  author={Krizhevsky, Alex and Sutskever, Ilya and Hinton, Geoffrey E},
  booktitle={Advances in neural information processing systems},
  pages={1097--1105},
  year={2012}
}

@article{radford2015unsupervised,
  title={Unsupervised representation learning with deep convolutional generative adversarial networks},
  author={Radford, Alec and Metz, Luke and Chintala, Soumith},
  journal={arXiv preprint arXiv:1511.06434},
  year={2015}
}

@book{jolliffe2002principal,
  title={Principal component analysis},
  author={Jolliffe, Ian},
  year={2002},
  publisher={Wiley Online Library}
}

@inproceedings{arjovsky2017towards,
  title={Towards principled methods for training generative adversarial networks},
  author={Arjovsky, Martin and Bottou, L{\'e}on},
  booktitle={NIPS 2016 Workshop on Adversarial Training. In review for ICLR},
  volume={2016},
  year={2017}
}

@article{ding1996neural,
  title={Neural network fundamentals with graphs, algorithms and applications},
  author={Ding, Bose Nirmal K Liang},
  journal={Mac Graw-Hill},
  year={1996}
}

@article{arjovsky2017wasserstein,
  title={Wasserstein gan},
  author={Arjovsky, Martin and Chintala, Soumith and Bottou, L{\'e}on},
  journal={arXiv preprint arXiv:1701.07875},
  year={2017}
}

@book{mclachlan1988mixture,
  title={Mixture models: Inference and applications to clustering},
  author={McLachlan, Geoffrey J and Basford, Kaye E},
  volume={84},
  year={1988},
  publisher={Marcel Dekker}
}
